@misc{latexrun,
    author = {Austin Clements},
    year = {2017},
    howpublished = {\url{https://github.com/aclements/latexrun}},
    note = {Abruf: 4.10.2017}
}

@misc{inkscape,
    author = {The Inkscape Developers},
    howpublished = {\url{https://inkscape.org}},
    note = {Abruf: 4.10.2017},
    year = 2017
}

@article{gansner2000open,
  title={An open graph visualization system and its applications to software engineering},
  author={Gansner, Emden R and North, Stephen C},
  journal={Software Practice and Experience},
  volume={30},
  number={11},
  pages={1203--1233},
  year={2000}
}

@misc{tantau2010latex,
  title={The LaTeX Beamer Class},
  author={Tantau, Till and Wright, Joseph and Miletic, Vedran},
  year={2010}
}
